<?xml version="1.0" encoding="UTF-8"?><collection xmlns="http://www.loc.gov/MARC21/slim"><record><leader>00397nam--2200145-i-4500</leader><controlfield tag="001">000004673</controlfield><controlfield tag="002">20161230</controlfield><controlfield tag="005">20170224013848</controlfield><controlfield tag="008">060222s1000------------r-----000-0-eng-d</controlfield><datafield ind1=" " ind2=" " tag="100"><subfield code="a">Devooght, J</subfield></datafield><datafield ind1=" " ind2=" " tag="245"><subfield code="a">New variational principle for transport theory</subfield></datafield><datafield ind1=" " ind2=" " tag="260"><subfield code="a">Bruxelles</subfield><subfield code="b">Universite Libre De Bruxelles</subfield><subfield code="c">1958</subfield></datafield><datafield ind1=" " ind2=" " tag="300"><subfield code="a">3 p</subfield></datafield><datafield ind1=" " ind2=" " tag="490"><subfield code="a">The Physical Review</subfield></datafield><datafield ind1=" " ind2=" " tag="CAT"><subfield code="a">SYS</subfield><subfield code="c">20170224</subfield><subfield code="h">013848</subfield></datafield></record></collection>